<?xml version="1.0" encoding="UTF-8"?>
<marc:collection xmlns:marc="http://www.loc.gov/MARC21/slim" xmlns:xsi="http://www.w3.org/2001/XMLSchema-instance" xsi:schemaLocation="http://www.loc.gov/MARC21/slim http://www.loc.gov/standards/marcxml/schema/MARC21slim.xsd">
   <marc:record type="Bibliographic">
      <marc:leader>02917cam a2200505 a 4500</marc:leader>
      <marc:controlfield tag="001">460765</marc:controlfield>
      <marc:controlfield tag="003">NjP</marc:controlfield>
      <marc:controlfield tag="005">20170518131413.0</marc:controlfield>
      <marc:controlfield tag="008">880811m19879999ir       b    000 0 ara d</marc:controlfield>
      <marc:datafield tag="024" ind1="7" ind2=" ">
         <marc:subfield code="a">princeton_aco001323</marc:subfield>
         <marc:subfield code="2">local</marc:subfield>
      </marc:datafield>
      <marc:datafield tag="035" ind1=" " ind2=" ">
         <marc:subfield code="a">(OCoLC)ocn175417798</marc:subfield>
      </marc:datafield>
      <marc:datafield tag="035" ind1=" " ind2=" ">
         <marc:subfield code="a">(OCoLC)22324486</marc:subfield>
      </marc:datafield>
      <marc:datafield tag="040" ind1=" " ind2=" ">
         <marc:subfield code="a">NjP</marc:subfield>
         <marc:subfield code="c">PUL</marc:subfield>
         <marc:subfield code="d">PUL</marc:subfield>
      </marc:datafield>
      <marc:datafield tag="035" ind1=" " ind2=" ">
         <marc:subfield code="a">(OCoLC)175417798</marc:subfield>
      </marc:datafield>
      <marc:datafield tag="035" ind1=" " ind2=" ">
         <marc:subfield code="a">(CStRLIN)NJPG88-B40403</marc:subfield>
      </marc:datafield>
      <marc:datafield tag="035" ind1=" " ind2=" ">
         <marc:subfield code="9">ACD6416TS</marc:subfield>
      </marc:datafield>
      <marc:datafield tag="035" ind1=" " ind2=" ">
         <marc:subfield code="a">(NjP)460765</marc:subfield>
      </marc:datafield>
      <marc:datafield tag="079" ind1=" " ind2=" ">
         <marc:subfield code="a">ocm22324486</marc:subfield>
      </marc:datafield>
      <marc:datafield tag="049" ind1=" " ind2=" ">
         <marc:subfield code="a">PULL</marc:subfield>
      </marc:datafield>
      <marc:datafield tag="100" ind1="1" ind2=" ">
         <marc:subfield code="6">880-01</marc:subfield>
         <marc:subfield code="a">Ṭabarsī, Ḥusayn Taqī al-Nūrī,</marc:subfield>
         <marc:subfield code="d">ca. 1838-1902.</marc:subfield>
         <marc:subfield code="0">(uri)http://id.loc.gov/authorities/names/n85120125</marc:subfield>
      </marc:datafield>
      <marc:datafield tag="245" ind1="1" ind2="0">
         <marc:subfield code="6">880-02</marc:subfield>
         <marc:subfield code="a">Mustadrak al-Wasāʼil wa-mustanbaṭ al-masāʼil /</marc:subfield>
         <marc:subfield code="c">taʼlīf Ḥusayn al-Nūrī al-Ṭabarsī ; taḥqīq Muʼassasat Āl al-Bayt li-Iḥyāʼ al-Turāth.</marc:subfield>
      </marc:datafield>
      <marc:datafield tag="246" ind1="3" ind2=" ">
         <marc:subfield code="6">880-03</marc:subfield>
         <marc:subfield code="a">Khātimat Mustadrak al-Wasāʼil</marc:subfield>
      </marc:datafield>
      <marc:datafield tag="260" ind1=" " ind2=" ">
         <marc:subfield code="6">880-04</marc:subfield>
         <marc:subfield code="a">Qum :</marc:subfield>
         <marc:subfield code="b">al-Muʼassasah,</marc:subfield>
         <marc:subfield code="c">1407- [1986 or 1987- ]</marc:subfield>
      </marc:datafield>
      <marc:datafield tag="300" ind1=" " ind2=" ">
         <marc:subfield code="a">v. ;</marc:subfield>
         <marc:subfield code="c">25 cm.</marc:subfield>
      </marc:datafield>
      <marc:datafield tag="490" ind1="1" ind2=" ">
         <marc:subfield code="6">880-05</marc:subfield>
         <marc:subfield code="a">Muʼassasat Āl al-Bayt li-Iḥyāʼ al-Turāth ;</marc:subfield>
         <marc:subfield code="v">12-35</marc:subfield>
      </marc:datafield>
      <marc:datafield tag="500" ind1=" " ind2=" ">
         <marc:subfield code="a">Supplement to Muḥammad ibn al-Ḥasan al-Ḥurr al-ʻĀmilī's Wasāʼil al-Shīʻah ilá taḥṣīl masāʼil al-sharīʻah.</marc:subfield>
      </marc:datafield>
      <marc:datafield tag="500" ind1=" " ind2=" ">
         <marc:subfield code="6">880-06</marc:subfield>
         <marc:subfield code="a">Vols. 19-25 have title: Khātimat Mustadrak al-Wasāʼil.</marc:subfield>
      </marc:datafield>
      <marc:datafield tag="504" ind1=" " ind2=" ">
         <marc:subfield code="a">Includes bibliographical references.</marc:subfield>
      </marc:datafield>
      <marc:datafield tag="650" ind1=" " ind2="0">
         <marc:subfield code="a">Ḥadith (Shiites)</marc:subfield>
         <marc:subfield code="x">Early works to 1800.</marc:subfield>
      </marc:datafield>
      <marc:datafield tag="700" ind1="1" ind2=" ">
         <marc:subfield code="6">880-07</marc:subfield>
         <marc:subfield code="a">Ḥurr al-ʻĀmilī, Muḥammad ibn al-Ḥasan,</marc:subfield>
         <marc:subfield code="d">1624-1693.</marc:subfield>
         <marc:subfield code="t">Wasāʼil al-Shīʻah ilʻa taḥṣīl masāʼil al-sharīʻah.</marc:subfield>
         <marc:subfield code="0">(uri)http://id.loc.gov/authorities/names/n85331643</marc:subfield>
      </marc:datafield>
      <marc:datafield tag="710" ind1="2" ind2=" ">
         <marc:subfield code="6">880-08</marc:subfield>
         <marc:subfield code="a">Muʼassasat Āl al-Bayt li-Iḥyāʼ al-Turāth.</marc:subfield>
         <marc:subfield code="0">(uri)http://id.loc.gov/authorities/names/n85097993</marc:subfield>
      </marc:datafield>
      <marc:datafield tag="830" ind1=" " ind2="0">
         <marc:subfield code="6">880-09</marc:subfield>
         <marc:subfield code="a">Muʼassasat Āl al-Bayt li-Iḥyāʼ al-Turāth (Series) ;</marc:subfield>
         <marc:subfield code="v">12-35</marc:subfield>
      </marc:datafield>
      <marc:datafield tag="880" ind1="1" ind2=" ">
         <marc:subfield code="6">100-01/r</marc:subfield>
         <marc:subfield code="a">طبرسي، حسين تقي النوري،</marc:subfield>
         <marc:subfield code="d">ca. 1838-1902.</marc:subfield>
      </marc:datafield>
      <marc:datafield tag="880" ind1="1" ind2="0">
         <marc:subfield code="6">245-02/r</marc:subfield>
         <marc:subfield code="a">مستدرك الوسائل ومستنبط المسائل /</marc:subfield>
         <marc:subfield code="c">تأليف حسين النوري الطبرسي ؛ تحقيق مؤسسة آل البيت لاحياء التراث.</marc:subfield>
      </marc:datafield>
      <marc:datafield tag="880" ind1="3" ind2=" ">
         <marc:subfield code="6">246-03/r</marc:subfield>
         <marc:subfield code="a">خاتمة مستدرك الوسائل</marc:subfield>
      </marc:datafield>
      <marc:datafield tag="880" ind1=" " ind2=" ">
         <marc:subfield code="6">260-04/r</marc:subfield>
         <marc:subfield code="a">قم :</marc:subfield>
         <marc:subfield code="b">المؤسسة،</marc:subfield>
         <marc:subfield code="c">1407- [1986 or 1987- ]</marc:subfield>
      </marc:datafield>
      <marc:datafield tag="880" ind1="1" ind2=" ">
         <marc:subfield code="6">490-05/r</marc:subfield>
         <marc:subfield code="a">مؤسسة آل البيت لاحياء التراث ؛</marc:subfield>
         <marc:subfield code="v">12-35</marc:subfield>
      </marc:datafield>
      <marc:datafield tag="880" ind1=" " ind2=" ">
         <marc:subfield code="6">500-06/r</marc:subfield>
         <marc:subfield code="a">Vols. 19-25 have title: خاتمة مستدرك الوسائل.</marc:subfield>
      </marc:datafield>
      <marc:datafield tag="880" ind1="1" ind2=" ">
         <marc:subfield code="6">700-07/r</marc:subfield>
         <marc:subfield code="a">حر العاملي، محمد بن الحسن،</marc:subfield>
         <marc:subfield code="d">1624-1693.</marc:subfield>
         <marc:subfield code="t">وسائل الشيعة الع تحصيل مسائل الشريعة.</marc:subfield>
      </marc:datafield>
      <marc:datafield tag="880" ind1="2" ind2=" ">
         <marc:subfield code="6">710-08/r</marc:subfield>
         <marc:subfield code="a">مؤسسة آل البيت لاحياء التراث.</marc:subfield>
      </marc:datafield>
      <marc:datafield tag="880" ind1=" " ind2="0">
         <marc:subfield code="6">830-09/r</marc:subfield>
         <marc:subfield code="a">مؤسسة آل البيت لاحياء التراث (السلسلة) ؛</marc:subfield>
         <marc:subfield code="v">12-35</marc:subfield>
      </marc:datafield>
      <marc:datafield tag="998" ind1=" " ind2=" ">
         <marc:subfield code="a">11/16/93</marc:subfield>
         <marc:subfield code="s">9114</marc:subfield>
         <marc:subfield code="n">NjP</marc:subfield>
         <marc:subfield code="w">DCLC89963110B</marc:subfield>
         <marc:subfield code="d">08/11/88</marc:subfield>
         <marc:subfield code="c">JCB</marc:subfield>
         <marc:subfield code="b">AUT</marc:subfield>
         <marc:subfield code="i">931116</marc:subfield>
         <marc:subfield code="l">NJPG</marc:subfield>
      </marc:datafield>
      <marc:datafield tag="948" ind1=" " ind2=" ">
         <marc:subfield code="a">**ITEMS DONE**</marc:subfield>
      </marc:datafield>
      <marc:datafield tag="911" ind1=" " ind2=" ">
         <marc:subfield code="a">19931129</marc:subfield>
      </marc:datafield>
      <marc:datafield tag="912" ind1=" " ind2=" ">
         <marc:subfield code="a">19990111035852.0</marc:subfield>
      </marc:datafield>
      <marc:datafield tag="994" ind1=" " ind2=" ">
         <marc:subfield code="a">C0</marc:subfield>
         <marc:subfield code="b">PUL</marc:subfield>
      </marc:datafield>
      <marc:datafield tag="999" ind1=" " ind2=" ">
         <marc:subfield code="a">460765</marc:subfield>
      </marc:datafield>
   </marc:record>
</marc:collection>
